<?xml version = "1.0" encoding = "UTF-8"?><OAI-PMH xmlns="http://www.openarchives.org/OAI/2.0/" xmlns:xsi="http://www.w3.org/2001/XMLSchema-instance" xsi:schemaLocation="http://www.openarchives.org/OAI/2.0/ http://www.openarchives.org/OAI/2.0/OAI-PMH.xsd"><ListRecords><record><header><identifier>aleph-publish:005494473</identifier></header><metadata><record xmlns="http://www.ddb.de/professionell/mabxml/mabxml-1.xsd"><leader>00000nM2.01200024------h</leader><controlfield tag="LDR">00000nM2.01200024------h</controlfield><controlfield tag="FMT">MH</controlfield><datafield tag="001" ind1="-" ind2="1"><subfield code="a">HT006926058</subfield></datafield><datafield tag="002" ind1="a" ind2="1"><subfield code="a">19991119</subfield></datafield><datafield tag="003" ind1="-" ind2="1"><subfield code="a">20220903064500</subfield></datafield><datafield tag="020" ind1="a" ind2="1"><subfield code="a">305133-X</subfield><subfield code="b">DNB</subfield></datafield><datafield tag="025" ind1="a" ind2="1"><subfield code="a">011856440</subfield></datafield><datafield tag="025" ind1="z" ind2="1"><subfield code="a">305133-X</subfield></datafield><datafield tag="025" ind1="o" ind2="1"><subfield code="a">1129839068</subfield></datafield><datafield tag="026" ind1="-" ind2="1"><subfield code="a">ZDB305133-X</subfield></datafield><controlfield tag="030">a||u|||||||27</controlfield><datafield tag="036" ind1="a" ind2="1"><subfield code="a">XA-DXDE</subfield></datafield><datafield tag="037" ind1="b" ind2="1"><subfield code="a">ger</subfield></datafield><controlfield tag="050">a|a|||||||||||</controlfield><controlfield tag="052">pko||||t|||||||</controlfield><datafield tag="060" ind1="-" ind2="1"><subfield code="b">txt</subfield><subfield code="a">Text</subfield></datafield><datafield tag="061" ind1="-" ind2="1"><subfield code="b">n</subfield><subfield code="a">ohne Hilfsmittel zu benutzen</subfield></datafield><datafield tag="062" ind1="-" ind2="1"><subfield code="b">nc</subfield><subfield code="a">Band</subfield></datafield><datafield tag="064" ind1="a" ind2="1"><subfield code="a">Schulprogramm</subfield><subfield code="9">(DE-588)4077211-1</subfield></datafield><datafield tag="064" ind1="a" ind2="1"><subfield code="a">Zeitschrift</subfield><subfield code="9">(DE-588)4067488-5</subfield></datafield><datafield tag="064" ind1="a" ind2="1"><subfield code="a">Konferenzschrift</subfield><subfield code="9">(DE-588)1071861417</subfield></datafield><datafield tag="070" ind1="-" ind2="1"><subfield code="a">9001</subfield></datafield><datafield tag="070" ind1="a" ind2="1"><subfield code="a">DNB</subfield></datafield><datafield tag="070" ind1="b" ind2="1"><subfield code="a">9999</subfield></datafield><datafield tag="073" ind1="-" ind2="1"><subfield code="a">1</subfield></datafield><datafield tag="076" ind1="c" ind2="1"><subfield code="a">sc</subfield></datafield><datafield tag="200" ind1="-" ind2="1"><subfield code="e">Eisenacher Konferenz</subfield><subfield code="9">(DE-588)82012-X</subfield></datafield><datafield tag="331" ind1="-" ind2="1"><subfield code="a">Bericht der Verhandlungen</subfield></datafield><datafield tag="333" ind1="-" ind2="1"><subfield code="a">Eisenacher Konferenz</subfield></datafield><datafield tag="335" ind1="-" ind2="1"><subfield code="a">nach den stenographischen Protokollen hrsg. im Auftr. des Ausschusses der Konferenz</subfield></datafield><datafield tag="405" ind1="-" ind2="1"><subfield code="a">1.1902 - 4.1906[?]</subfield></datafield><datafield tag="406" ind1="a" ind2="1"><subfield code="d">1</subfield><subfield code="j">1902</subfield><subfield code="n">4</subfield><subfield code="k">1906</subfield></datafield><datafield tag="419" ind1="-" ind2="1"><subfield code="a">Berlin</subfield><subfield code="c">1902-1906</subfield><subfield code="A">3</subfield></datafield><datafield tag="425" ind1="b" ind2="1"><subfield code="a">1902</subfield></datafield><datafield tag="425" ind1="c" ind2="1"><subfield code="a">1906</subfield></datafield><datafield tag="537" ind1="-" ind2="1"><subfield code="a">HBZ!(22-04-09)</subfield></datafield><datafield tag="700" ind1="-" ind2="1"><subfield code="a">230</subfield><subfield code="2">ZDB</subfield></datafield><datafield tag="785" ind1="-" ind2="1"><subfield code="i">Forts.:</subfield><subfield code="a">Eisenacher Bund</subfield><subfield code="t">&lt;&lt;Die&gt;&gt; Eisenacher Konferenz</subfield><subfield code="d">Bethel b. Bielefeld, 1907-1914</subfield><subfield code="A">0</subfield><subfield code="9">HT012230021</subfield></datafield><controlfield tag="SYS">005494473</controlfield><datafield tag="LOW" ind1="-" ind2="1"><subfield code="a">M0001</subfield></datafield><datafield tag="088" ind1=" " ind2=" "><subfield code="a">6</subfield><subfield code="c">ZD 5762</subfield><subfield code="d">4.1906</subfield></datafield><datafield tag="200" ind1=" " ind2="9"><subfield code="0">1</subfield><subfield code="b">4.1906</subfield><subfield code="f">ZD 5762</subfield><subfield code="2">M0001</subfield></datafield></record></metadata></record></ListRecords></OAI-PMH>